<record>
 <leader>00309nrm a22001457a 4500</leader>
 <controlfield tag="008">120919s        xxu          000    eng d</controlfield>
  <datafield tag="245" ind1="0" ind2="0">
  <subfield code="a"> </subfield>
  <subfield code="h">[equipment]</subfield>
 </datafield>
  <datafield tag="300" ind1="" ind2="">
  <subfield code="a"/>
  </datafield>
  <datafield tag="500" ind1="" ind2="">
  <subfield code="a"/>
  </datafield>
  <datafield tag="500" ind1="" ind2="">
  <subfield code="a"/>
  </datafield>
  <datafield tag="500" ind1="" ind2="">
  <subfield code="a"/>
  </datafield>
 <datafield tag="650" ind1="" ind2="0">
  <subfield code="a">Circulating audiovisual equipment.</subfield>
  </datafield>
 <datafield tag="650" ind1="" ind2="0">
  <subfield code="a"/>
 </datafield>
 </record>